@book{Lamport86,
  author    = {Leslie Lamport},
  title     = {LaTeX: User's Guide {\&} Reference Manual},
  publisher = {Addison-Wesley},
  year      = {1986}
}

@misc{lcommon,
  author	= {XYZ},
  title		= {Title},  
  year		= {20XX},
  howpublished  = {\url{http://xyz.com}}
}

@misc{tsx-intro,
  author	= {James Reinders},
  title		= {Transactional Synchronization in Haswell},  
  year		= {2013},
  howpublished  = {\url{http://software.intel.com/en-us/blogs/2012/02/07/transactional-synchronization-in-haswell}}
}
